@ARTICLE
  {ROOT,
   AUTHOR  = {Brun, Ren√© and Rademakers, Fons},
   TITLE   = {ROOT - An Object Oriented Data Analysis Framework},
   JOURNAL = "Nucl. Inst. and Meth. in Phys. Res. A",
   VOLUME = 389,
   PAGES = 81--86,
   YEAR = 1997
  }
@MANUAL
  {ROOT_Users_Guide,
   TITLE   = {The ROOT Users Guide},
   URL = "http://root.cern.ch/drupal/content/users-guide",
   YEAR = 2015
  }
@MANUAL
  {ROOT_Class_Reference,
   TITLE   = {The ROOT Reference Guide},
   URL = "http://root.cern.ch/drupal/content/reference-guide",
   YEAR = 2013
  }
@MISC
  {Cling,
   TITLE   = "{What is Cling}",
   URL = "https://root.cern.ch/drupal/content/cling",
   YEAR = 2015
  }
@MISC
  {MersenneTwister,
   AUTHOR  = "Makoto Matsumoto",
   TITLE   = "{Mersenne Twister Home Page}",
   URL = "http://www.math.sci.hiroshima-u.ac.jp/~m-mat/MT/emt.html",
   YEAR = 1997
  }
@ARTICLE
  {Fumili,
   AUTHOR  = "I.N. Silin",
   TITLE   = "{FUMILI}",
   JOURNAL = "CERN Program Library",
   VOLUME = D510,
   YEAR = 1983
  }
